@BOOK{DCN,
    AUTHOR = {Forouzan{\color{white}h}B.{\color{white}h}A.},
    TITLE = {Data Communication and Networking},
    PUBLISHER = {McGraw-Hill},
    YEAR = {2013},
    EDITION = {(5th edition)},
}

@BOOK{CRAIG,
    AUTHOR = {Craig{\color{white}h}J.{\color{white}h}J.},
    TITLE = {Introduction to Robotics: Mechanics and Control},
    PUBLISHER = {Pearson},
    YEAR = {2014},
    EDITION = {(3rd edition)},
}

@MISC{OBDIMG,
    AUTHOR = {Components{\color{white}h}101},
    TITLE = {OBD-II Connector},
    HOWPUBLISHED = {\url{https://components101.com/connectors/obd2}},
    NOTE    = {Accessed: 06-02-2019},
}

@MISC{NMEA_WIKI,
    AUTHOR = {Wikipedia},
    TITLE = {NMEA 0183},
    HOWPUBLISHED = {\url{https://en.wikipedia.org/wiki/NMEA_0183}},
    NOTE    = {Accessed: 27-05-2019},
}

@MISC{AEC_DOC,
    AUTHOR = {Automotive Electronics Council},
    TITLE = {AEC Documents},
    HOWPUBLISHED = {\url{http://www.aecouncil.com/AECDocuments.html}},
    NOTE    = {Accessed: 27-05-2019},
}

@MISC{OBD-II_WIKI,
    AUTHOR = {Wikipedia},
    TITLE = {On-board diagnostics},
    HOWPUBLISHED = {\url{https://en.wikipedia.org/wiki/On-board_diagnostics}},
    NOTE    = {Accessed: 27-05-2019},
}

@MISC{NB-IoT_WIKI,
    AUTHOR = {Wikipedia},
    TITLE = {Narrowband IoT},
    HOWPUBLISHED = {\url{https://en.wikipedia.org/wiki/Narrowband_IoT}},
    NOTE    = {Accessed: 27-05-2019},
}

@MISC{SAE_HIST,
    AUTHOR = {SAE International},
    TITLE = {About SAE International},
    HOWPUBLISHED = {\url{https://www.sae.org/about/history}},
    NOTE    = {Accessed: 29-05-2019},
}

@MISC{AEC_HOME_PAGE,
    AUTHOR = {aecouncil.com},
    TITLE = {AEC History},
    HOWPUBLISHED = {\url{http://www.aecouncil.com/AECHistory.html}},
    NOTE    = {Accessed: 29-05-2019},
}

@MISC{CAN_WIKI,
    AUTHOR = {wikipedia},
    TITLE = {CAN bus},
    HOWPUBLISHED = {\url{https://en.wikipedia.org/wiki/CAN_bus}},
    NOTE    = {Accessed: 29-05-2019},
}

@MISC{IMEI_WIKI,
    AUTHOR = {wikipedia},
    TITLE = {International Mobile Equipment Identity},
    HOWPUBLISHED = {\url{https://en.wikipedia.org/wiki/International_Mobile_Equipment_Identity}},
    NOTE    = {Accessed: 29-05-2019},
}

@MISC{GNSS_WIKI,
    AUTHOR = {wikipedia},
    TITLE = {Global Navigation Satellite System},
    HOWPUBLISHED = {\url{https://da.wikipedia.org/wiki/Global_Navigation_Satellite_System}},
    NOTE    = {Accessed: 29-05-2019},
}

@MISC{GPS_WIKI,
    AUTHOR = {wikipedia},
    TITLE = {Global Positioning System},
    HOWPUBLISHED = {\url{https://en.wikipedia.org/wiki/Global_Positioning_System}},
    NOTE    = {Accessed: 29-05-2019},
}

@MISC{GLONASS_WIKI,
    AUTHOR = {wikipedia},
    TITLE = {GLONASS},
    HOWPUBLISHED = {\url{https://en.wikipedia.org/wiki/GLONASS}},
    NOTE    = {Accessed: 29-05-2019},
}

@MISC{QZSS_WIKI,
    AUTHOR = {wikipedia},
    TITLE = {Quasi-Zenith Satellite System},
    HOWPUBLISHED = {\url{https://en.wikipedia.org/wiki/Quasi-Zenith_Satellite_System}},
    NOTE    = {Accessed: 29-05-2019},
}

@MISC{GALILEO_WIKI,
    AUTHOR = {wikipedia},
    TITLE = {Galileo (satellite navigation)},
    HOWPUBLISHED = {\url{https://en.wikipedia.org/wiki/Galileo_(satellite_navigation)}},
    NOTE    = {Accessed: 29-05-2019},
}

@MISC{MOUSER_ACCLRM,
    AUTHOR = {Mouser Electronics},
    TITLE = {AIS2120SXTR},
    HOWPUBLISHED = {\url{https://www.mouser.dk/ProductDetail/STMicroelectronics/AIS2120SXTR?qs=\%2Fha2pyFadugZjNTqMEitk1TqmZGE9nJR7UIHc\%2FlvT7bsDzSJaWYiUA\%3D\%3D}},
    NOTE    = {Accessed: 29-05-2019},
}

@MISC{FARNELL_ACCLRM,
    AUTHOR = {Farnell},
    TITLE = {MMA6901KQ},
    HOWPUBLISHED = {\url{https://dk.farnell.com/nxp/mma6901kq/accelerometer-2-axis-5g-16qfn/dp/2291591?ost=MMA6901KQ\&ddkey=https\%3Ada-DK\%2FElement14_Denmark\%2Fsearch}},
    NOTE    = {Accessed: 29-05-2019},
}

@MISC{RS_ACCLRM,
    AUTHOR = {RS Components},
    TITLE = {MMA3202KEG NXP, 2-akset Accelerometer, 20 ben, SOIC},
    HOWPUBLISHED = {\url{https://dk.rs-online.com/web/p/sensor-ic-er-accelerometer/7522355/}},
    NOTE    = {Accessed: 29-05-2019},
}

@MISC{RS_GPS_1,
    AUTHOR = {RS Components},
    TITLE = {Quectel, GPS-modtager med 22 (Tracking), 66 (Acquisition) Kanaler, UART, L80-M39},
    HOWPUBLISHED = {\url{https://dk.rs-online.com/web/p/moduler-gps/9084085/}},
    NOTE    = {Accessed: 29-05-2019},
}

@MISC{RS_GPS_2,
    AUTHOR = {RS Components},
    TITLE = {Quectel, GPS-modtager med 33 (Tracking), 99 (Acquistion) Kanaler, UART, L86-M33},
    HOWPUBLISHED = {\url{https://dk.rs-online.com/web/p/moduler-gps/9084114/}},
    NOTE    = {Accessed: 29-05-2019},
}

@MISC{MOUSER_GPS,
    AUTHOR = {Mouser Electronics},
    TITLE = {A2235-H},
    HOWPUBLISHED = {\url{https://www.mouser.dk/ProductDetail/Maestro-Wireless-Solutions/A2235-H?qs=sGAEpiMZZMu3sxpa5v1qrsPTDcEU\%2F1jbzrSSQDaNrW8\%3D}},
    NOTE    = {Accessed: 29-05-2019},
}

@MISC{MOUSER_CAN,
    AUTHOR = {Mouser Electronics},
    TITLE = {AMIS30660CANH2RG},
    HOWPUBLISHED = {\url{https://www.mouser.dk/ProductDetail/ON-Semiconductor/AMIS30660CANH2RG?qs=\%2Fha2pyFadujmMrKgf85HtuKULUBRccKha5Mohkdc\%2FR91RgwIXBsfQw\%3D\%3D}},
    NOTE    = {Accessed: 29-05-2019},
}

@MISC{RS_CAN_1,
    AUTHOR = {RS Components},
    TITLE = {AEC-Q100 CAN transceiver 8Mbit/s, 8 Ben, SOIC},
    HOWPUBLISHED = {\url{https://dk.rs-online.com/web/p/can-transceivere/1771954/}},
    NOTE    = {Accessed: 29-05-2019},
}

@MISC{RS_CAN_2,
    AUTHOR = {RS Components},
    TITLE = {CAN transceiver 1Mbit/s ISO 11898, Dvale, standby-Mode, 8 Ben, SOIC},
    HOWPUBLISHED = {\url{https://dk.rs-online.com/web/p/can-transceivere/7386036/}},
    NOTE    = {Accessed: 29-05-2019},
}

@MISC{XBEE,
    AUTHOR = {Mouser Electronics},
    TITLE = {Digi XBee3 Sales Page},
    HOWPUBLISHED = {\url{https://www.mouser.dk/ProductDetail/Digi-International/XB3-C-A1-UT-001?qs=sGAEpiMZZMve4\%2FbfQkoj\%252BH\%252BWglwkvB7zljLhky3vzdo\%3D}},
    NOTE    = {Accessed: 03-06-2019},
}

@MISC{DRAG,
    AUTHOR = {Mouser Electronics},
    TITLE = {Dragino Sales Page},
    HOWPUBLISHED = {\url{https://www.mouser.dk/new/seeedstudio/seeed-dragino-nb-iot-shields/}},
    NOTE    = {Accessed: 03-06-2019},
}

@MISC{SIXF,
    AUTHOR = {Sixfab},
    TITLE = {Sixfab Sales Page},
    HOWPUBLISHED = {\url{https://sixfab.com/product/arduino-nb-iot-shield/}},
    NOTE    = {Accessed: 03-06-2019},
}

@MISC{DRAGWIKI,
    AUTHOR = {Dragino},
    TITLE = {Dragino Wiki},
    HOWPUBLISHED = {\url{http://wiki.dragino.com/index.php?title=NB-IoT_Shield}},
    NOTE    = {Accessed: 03-06-2019},
}

@MISC{IMEI,
    AUTHOR = {Wikipedia},
    TITLE = {IMEI Wikipedia},
    HOWPUBLISHED = {\url{https://en.wikipedia.org/wiki/International_Mobile_Equipment_Identity}},
    NOTE    = {Accessed: 03-06-2019},
}

